<?xml version="1.0" encoding="utf-8"?><collection xmlns="http://www.loc.gov/MARC21/slim"><record><leader>00000nms  a040815 u 7000</leader><controlfield tag="001">R_64jW7p34FmAGRp6</controlfield><controlfield tag="003">S211</controlfield><controlfield tag="005">20240723133934.0</controlfield><controlfield tag="008">240723s2024</controlfield><datafield tag="110" ind1="0" ind2="b"><subfield code="a">Westview Investment Inc.</subfield></datafield><datafield tag="245" ind1="b" ind2="b"><subfield code="a">Westview Investment Inc.: Annual S-211 Report (2024)</subfield></datafield><datafield tag="246" ind1="1" ind2=" "><subfield code="a">(french title here if applicable)</subfield></datafield><datafield tag="250" ind1=" " ind2=" "><subfield code="a">2024</subfield></datafield><datafield tag="260" ind1="b" ind2="b"><subfield code="a">British Columbia, Canada :</subfield><subfield code="b">Westview Investment Inc.</subfield></datafield><datafield tag="263" ind1="b" ind2="b"><subfield code="a">2024</subfield></datafield><datafield tag="269" ind1="b" ind2="b"><subfield code="a">Westview Investment Inc.</subfield></datafield><datafield tag="300" ind1=" " ind2=" "><subfield code="a">(online resource)</subfield></datafield><datafield tag="490" ind1="0" ind2="b"><subfield code="a">Supply Chains Act Reports</subfield></datafield><datafield tag="500" ind1=" " ind2=" "><subfield code="a">Disclaimer : Public Safety Canada is not responsible for the contents of reports posted within the Supply Chains Act repository of the Library Catalogue, other than the report(s) submitted on behalf of Public Safety Canada. Some of the reports within the Library Catalogue are from an external source that are not subject to the Government of Canada's Web Standards, the Privacy Act or the Official Languages Act and, therefore, are available only in the language in which they were provided. Public Safety Canada does not ensure the accuracy or reliability of the content. Any member of the public with questions relating to the accessibility, language or content of any third-party report should direct their questions to the respective entity or government institution, directly.</subfield></datafield><datafield tag="500" ind1=" " ind2=" "><subfield code="a">Issued also in French under title : (french title if applicable)</subfield></datafield><datafield tag="650" ind1=" " ind2=" "><subfield code="a">Fighting Against Forced Labour in Supply Chains Act</subfield></datafield><datafield tag="650" ind1=" " ind2=" "><subfield code="a">Fighting Against Forced Labour in Supply Chains Act: 2024</subfield></datafield><datafield tag="650" ind1=" " ind2=" "><subfield code="a">Annual Reports: 2024</subfield></datafield><datafield tag="650" ind1=" " ind2=" "><subfield code="a">Labour standards - Canada</subfield></datafield><datafield tag="650" ind1=" " ind2=" "><subfield code="a">Working conditions - Canada</subfield></datafield><datafield tag="650" ind1=" " ind2=" "><subfield code="a">SCALCA</subfield></datafield><datafield tag="650" ind1="0" ind2="4"><subfield code="a">Manufacturing</subfield></datafield><datafield tag="650" ind1="0" ind2="4"><subfield code="a">Wholesale trade</subfield></datafield><datafield tag="650" ind1="0" ind2="4"><subfield code="a">Retail trade</subfield></datafield><datafield tag="650" ind1="0" ind2="4"><subfield code="a">Management of companies and enterprises</subfield></datafield><datafield tag="710" ind1="0" ind2="b"><subfield code="a">Entity</subfield></datafield><datafield tag="710" ind1="0" ind2="b"><subfield code="a">600071 BC LTD, 
651429 BC LTD, 
0984390 BC LTD, 
Westview Investment Inc, 
1017672 BC LTD, 
4037 Investment, 
1158428 BC LTD, 
T-Brothers Food &amp; Trading LTD, 
Manna International Trading LTD, 
Hannam Supermarket Inc, 
Joinus Investment Inc, 
651428 BC LTD, 
1116087 BC LTD, 
1116089 BC LTD,
1110341 BC LTD, 
1137311 BC LTD, and 
1116082 BC LTD</subfield></datafield><datafield tag="800" ind1="1" ind2=" "><subfield code="a">Fighting Against Forced Labour in Canadian Supply Chains Act: 2024 Publications</subfield></datafield><datafield tag="856" ind1="4" ind2="1"><subfield code="u">https://scalca.blob.core.windows.net/2024/Westview_Investment_Inc._2024_s3U6II.pdf</subfield><subfield code="y">Online access</subfield></datafield></record></collection>